<record><leader>00000cas a22000007a 4500</leader><controlfield tag="001">21097244</controlfield><controlfield tag="008">900220d1889189ucoudr ne      0    0eng d</controlfield><datafield ind1=" " ind2=" " tag="010"><subfield code="a">sn 90051074 </subfield></datafield><datafield ind1=" " ind2=" " tag="040"><subfield code="a">CNQ</subfield><subfield code="b">eng</subfield><subfield code="c">CNQ</subfield><subfield code="d">OCLCQ</subfield></datafield><datafield ind1=" " ind2=" " tag="042"><subfield code="a">msc</subfield></datafield><datafield ind1="0" ind2=" " tag="130"><subfield code="a">San Luis Valley graphic (Monte Vista, Colo.)</subfield></datafield><datafield ind1="1" ind2="0" tag="245"><subfield code="a">San Luis Valley graphic.</subfield></datafield><datafield ind1=" " ind2=" " tag="260"><subfield code="a">Monte Vista, Rio Grande County, Colo. :</subfield><subfield code="b">Graphic Pub. Co.</subfield></datafield><datafield ind1=" " ind2=" " tag="300"><subfield code="a">v.</subfield></datafield><datafield ind1=" " ind2=" " tag="310"><subfield code="a">Daily,</subfield><subfield code="b">Oct. 29, 1894-</subfield></datafield><datafield ind1=" " ind2=" " tag="321"><subfield code="a">Semiweekly,</subfield><subfield code="b">Jan. 1, 1889-Oct. 26, 1894</subfield></datafield><datafield ind1="0" ind2=" " tag="362"><subfield code="a">Vol. 1, no. 1 (Jan. 1, 1889)-v. 5, no. 86 (Oct. 26, 1894) ; v. 1, no. 1 (Oct. 29, 1894)-</subfield></datafield><datafield ind1=" " ind2=" " tag="530"><subfield code="a">Available on microfilm from the Colorado Historical Society.</subfield></datafield><datafield ind1=" " ind2=" " tag="580"><subfield code="a">Weekly ed.: San Luis Valley graphic (Henry, Colo.).</subfield></datafield><datafield ind1=" " ind2=" " tag="752"><subfield code="a">United States</subfield><subfield code="b">Colorado</subfield><subfield code="c">Rio Grande</subfield><subfield code="d">Monte Vista.</subfield></datafield><datafield ind1="1" ind2=" " tag="775"><subfield code="t">San Luis Valley graphic (Henry, Colo.)</subfield><subfield code="w">(DLC)sn 90051756</subfield></datafield></record>